@INPROCEEDINGS{23872,
  author={Winter and Widrow},
  booktitle={IEEE 1988 International Conference on Neural Networks}, 
  title={MADALINE RULE II: a training algorithm for neural networks}, 
  year={1988},
  volume={},
  number={},
  pages={401-408 vol.1},
  doi={10.1109/ICNN.1988.23872}
}

